
@book{bergener_wissenschaftliches_2019,
	location = {Berlin},
	title = {Wissenschaftliches Arbeiten im Wirtschafts-informatik-Studium: Leitfaden f√ºr die erfolgreiche Abschlussarbeit},
	isbn = {978-3-662-57949-7 978-3-662-57948-0},
	shorttitle = {Wissenschaftliches Arbeiten im Wirtschaftsinformatik-Studium},
	pagetotal = {93},
	publisher = {Springer Gabler},
	author = {Bergener, Katrin and Clever, Nico Christoph and Stein, Armin},
	date = {2019}
}

@collection{apa_2019,
	location = {Washington},
	edition = {Seventh edition},
	title = {Publication manual of the american psychological association},
	isbn = {978-1-4338-3215-4 978-1-4338-3216-1 978-1-4338-3217-8},
	publisher = {American Psychological Association},
	editor = {{American Psychological Association}},
	date = {2019}
}